@inproceedings{Dragan2009a,
author = {Dragan, Laura and Handschuh, Siegfried},
booktitle = {{Proceedings of the 6th European Semantic Web Conference (ESWC 2009) Poster Session}},
title = {{SemNotes --- Note-taking on the Semantic Desktop}},
year = {2009},
}
@inproceedings{Dragan2009b,
author = {Dragan, Laura and Moeller, Knud and Handschuh, Siegfried and Ambrus, Oszkar and Trueg, Sebastian},
booktitle = {{Proceedings of the 5th Workshop on Scripting for the Semantic Web (SFSW2009)}},
title = {{Converging Web and Desktop Data with Konduit}},
year = {2009}
}
@inproceedings{Dragan2009c,
author = {Dragan, Laura and Handschuh, Siegfried},
booktitle = {{Proceedings of the 1st Desktop Summit (GCDS 2009)}},
title = {{Semantic Context Menus in KDE}},
year = {2009}
}
@inproceedings{Groza2009,
author = {Groza, Tudor and Dragan, Laura and Handschuh, Siegfried and Decker, Stefan},
booktitle = {Proceedings of the 8th International Semantic Web Conference (ISWC2009)},
title = {{Bridging the Gap between Linked Data and the Semantic Desktop}},
year = {2009}
}
@inproceedings{Dragan2010a,
author = {Dragan, Laura and Passant, Alexandre and Groza, Tudor and Handschuh, Siegfried},
booktitle = {{Proceedings of the 1st Workshop on Knowledge Injection into and Extraction from Linked Data (KIELD2010)}},
title = {{Linking Semantic Personal Notes}},
year = {2010},
}
@inproceedings{Dragan2010b,
author = {Dragan, Laura and Passant, Alexandre and Groza, Tudor and Handschuh, Siegfried},
booktitle = {{Proceedings of the 17th International Conference on Knowledge Engineering and Knowledge Management (EKAW2010), Poster and Demo Session}},
title = {{Publishing Semantic Personal Notes as Linked Data}},
year = {2010},
}
@inproceedings{Dragan2010c,
author = {Dragan, Laura and Passant, Alexandre and Groza, Tudor and Handschuh, Siegfried},
booktitle = {{Proceedings of the AAAI Spring Symposium ``Linked Data Meets Artificial Intelligence'' (AAAI2010), Poster and Demo Session}},
title = {{From Personal Notes to Linked Social Media}},
year = {2010}
}
@inproceedings{Dragan2011a,
author = {Dragan, Laura and Handschuh, Siegfried and Decker, Stefan},
booktitle = {{Proceedings of the 7th International Conference on Semantic Systems (I-SEMANTICS2011)}},
title = {{The Semantic Desktop at Work: Interlinking Notes}},
year = {2011},
}
@inproceedings{Dragan2011b,
author = {Dragan, Laura and Delbru, Renaud and Groza, Tudor and Handschuh, Siegfried and Decker, Stefan},
booktitle = {{Proceedings of the 10th International Semantic Web Conference (ISWC2011)}},
title = {{Linking Semantic Desktop Data to the Web of Data}},
year = {2011},
}
@inproceedings{Dragan2012,
author = {Dragan, Laura and Decker, Stefan},
booktitle = {{Proceedings of the 18th International Conference on Knowledge Engineering and Knowledge Management (EKAW2012)}},
title = {{Knowledge Management on the Desktop}},
year = {2012},
}
