@book{BernersLee2000,
  Author = {Tim Berners-Lee},
  Publisher = {Harper},
  Title = {{Weaving the Web---The Past, Present and Future of the World Wide Web by its Inventor}},
  Year = {2000}
}
@article{Kelly2006,
  author = {Kelly, Diane},
  journal = {{Communications of the ACM}},
  month = {January},
  number = {1},
  pages = {84},
  title = {{Evaluating Personal Information Management Behaviors and Tools}},
  year = {2006}
}
@inproceedings{Samp2008, 
  author = {Krystian Samp and Cosmin Basca and Bill McDaniel and Stefan Decker}, 
  title = {{Atom Interface---A Novel Interface for Exploring and Browsing Semantic Space}}, 
  year = {2008}, 
  booktitle = {{Proceedings of the Semantic Web User Interaction Workshop, Exploring HCI Challenges (SWUI2008)}}, 
  month = {April},
}
@inproceedings{Ambrus2010,
  author = {Oszkar Ambrus and Knud M\"{o}ller and Siegfried Handschuh},
  title = {{Konduit VQB: a Visual Query Builder for SPARQL on the Social Semantic Desktop}},
  year = {2010},
  booktitle = {{Proceedings of the Workshop on Visual Interfaces to the Social and Semantic Web (VISSW 2010)}},
}
@techreport{Groza2009a,
  author = {Tudor Groza and Siegfried Handschuh and Ioana Hulpus},
  title = {{A Document Engineering Approach to Automatic Extraction of Shallow Metadata from Scientific Publications}},
  institution = {Digital Enterprise Research Institute, National University of Ireland, Galway},
  year = {2009}
}
@incollection{Funk2007,
  author={Funk, Adam and Tablan, Valentin and Bontcheva, Kalina and Cunningham, Hamish and Davis, Brian and Handschuh, Siegfried},
  year={2007},
  booktitle={{The Semantic Web}},
  series={{Lecture Notes in Computer Science}},
  title={{CLOnE: Controlled Language for Ontology Editing}},
}
@phdthesis{Davis2012PhD,
  author = {Davis, Brian Patrick},
  title = {{On Applying Controlled Natural Languages for Ontology Authoring and Semantic Annotation}},
  school = {{National University of Ireland, Galway (NUIG)}},
  department = {{Digital Enterprise Research Institute (DERI)}},
  year = {2012},
}
@inproceedings{Schwitter2005,
  author = {Rolf Schwitter},
  title = {{Controlled Natural Language as Interface Language to the Semantic Web}},
  booktitle = {{Proceedings of the 2nd Indian International Conference on Artificial Intelligence (IICAI'05)}},
  year = {2005},
}
@MASTERSTHESIS{Schutz2008,
  author = {Schutz, Alexander Thorsten},
  school = {National University of Ireland, Galway (NUIG)},
  department = {{Digital Enterprise Research Institute (DERI)}},
  title = {{Keyphrase Extraction from Single Documents in the Open Domain Exploiting Linguistic and Statistical Methods}},
  type = {Master thesis},
  year = {2008}
}
@inproceedings{Davis2008,
  author = {Davis, Brian and Iqbal, Ahmad and Funk, Adam and Tablan, Valentin and Bontcheva, Kalina and Cunningham, Hamish and Handschuh, Siegfried},
  booktitle = {{Proceedings of the 7th International Semantic Web Conference (ISWC2008)}},
  title = {{Roundtrip Ontology Authoring}},
  year = {2008}
}
@inproceedings{Davis2009,
  author = {Davis, Brian and Varma, Pradeep and Handschuh, Siegfried and Dragan, Laura},
  booktitle = {{Proceedings of the Workshop on Controlled Natural Language (CNL2009)}},
  title = {{On designing Controlled Natural Languages for Semantic Annotation}},
  year = {2009}
}
@inproceedings{Cayzer2006,
  author = {Steve Cayzer},
  booktitle = {{Proceedings of the SEMANTICS Conference}},
  title = {{What Next for Semantic Blogging?}},
  year = {2006},
}
@inproceedings{Story2009,
  author = {Henry Story and Bruno Harbulot and Ian Jacobi and Mike Jones},
  title = {{FOAF+SSL: RESTful Authentication for the Social Web}},
  year = {2009},
  booktitle = {{Proceedings of the First Workshop on Trust and Privacy on the Social and Semantic Web (SPOT2009)}},
}
@inproceedings{Cayzer2003,
  author = {Steve Cayzer and Paul Shabajee},
  title = {{Semantic Blogging and Bibliography Management}},
  booktitle = {{Proceedings of BlogTalk Conference}},
  year = {2003},
}
@inproceedings{Karger2004,
  author = {David R. Karger and Dennis Quan},
  title = {{What Would It Mean to Blog on the Semantic Web?}},
  booktitle = {Proceedings of the 3rd International Semantic Web Conference (ISWC2004)},
  year = {2004},
}
@book{Dodds2010LDPBook,
  title = {{Linked Data Patterns}},
  author = {Leigh Dodds and Ian Davis},
  year = 2010,
  note = {\url{http://patterns.dataincubator.org}}
}
@article{KnorrCetina1997,
  author = {Karin Knorr-Cetina},
  journal = {Theory, Culture \& Society},
  number = 4,
  title = {{Sociality with Objects: Social Relations in Postsocial Knowledge Societies}},
  volume = 14,
  year = 1997,
}
@inproceedings{Moeller2005,
  author = {Knud M{\"o}ller and John G. Breslin and Stefan Decker},
  booktitle = {{Proceedings of the 14th Conference on Information Systems Development (ISD2005)}},
  title = {{semiBlog --- Semantic Publishing of Desktop Data}},
  year = {2005},
  month = {August}
}
@inproceedings{Takeda2005,
  author = {Hideaki Takeda and Ikki Ohmukai},
  title = {{Semblog Project}},
  booktitle = {Proceedings of the Activities on Semantic Web Technologies Workshop},
  year = {2005},
}
@inproceedings{Bojars2008,
  author = {Uldis Bojars and Alexandre Passant and Richard Cyganiak and John Breslin},
  booktitle = {{Proceedings of the Linked Data on the Web Workshop (LDOW2008)}},
  title = {{Weaving SIOC into the Web of Linked Data}},
  year = {2008},
}
@inproceedings{Tummarello2007,
  author    = {Giovanni Tummarello and Renaud Delbru and Eyal Oren},
  title     = {{Sindice.com: Weaving the Open Linked Data}},
  booktitle = {{Proceedings of the 6th International Semantic Web Conference (ISWC2007)}},
  year      = {2007},
}
@inproceedings{Delbru2010,
  author = {Delbru, Renaud and Toupikov, Nickolai and Catasta, Michele and Tummarello, Giovanni and Decker, Stefan},
  booktitle = {{Proceedings of the 7th Extended Semantic Web Conference (ESWC 2010)}},
  title = {{Hierarchical Link Analysis for Ranking Web Data}},
  year = {2010}
}
@inproceedings{Sais2007,
  author = {Sa\"{\i}s, Fatiha and Pernelle, Nathalie and Rousset, Marie-Christine},
  title = {{L2R: A Logical Method for Reference Reconciliation}},
  booktitle = {{Proceedings of the 22nd National Conference on Artificial Intelligence (AAAI'07)}},
  year = {2007},
}
@article{Elmagarmid2007,
  author = {Ahmed K. Elmagarmid and Panagiotis G. Ipeirotis and Vassilios S. Verykios},
  title = {{Duplicate Record Detection: A Survey}},
  journal = {{IEEE Transactions on Knowledge and Data Engineering}},
  year = {2007},
  volume = {19},
  number = {1},
}
@inproceedings{Hogan2007,
  author = {Aidan Hogan and Andreas Harth and Stefan Decker},
  title = {{Performing Object Consolidation on the Semantic Web Data Graph}},
  booktitle = {{Proceedings of the Workshop I3: Identity, Identifiers, Identification, Entity-Centric Approaches to Information and Knowledge Management on the Web}},
  year = {2007},
}
@inproceedings{Jaffri2007,
  booktitle = {{Proceedings of the 3rd International Workshop On Scalable Semantic Web Knowledge Base Systems}},
  title = {{URI Identity Management for Semantic Web Data Integration and Linkage}},
  author = {Afraz Jaffri and Hugh Glaser and Ian Millard},
  year = {2007},
}
@inproceedings{Bouquet2007,
  author = {Paolo Bouquet and Heiko Stoermer and Daniel Giacomuzzi},
  title = {{OKKAM: Enabling a Web of Entities}},
  booktitle = {{Proceedings of the Workshop I3: Identity, Identifiers, Identification, Entity-Centric Approaches to Information and Knowledge Management on the Web}},
  year = {2007},
}
@inproceedings{Raimond2008,
  author = {Yves Raimond and Christopher Sutton and Mark Sandler},
  booktitle = {{Proceedings of the Linked Data on the Web Workshop (LDOW2008)}},
  title = {{Automatic Interlinking of Music Datasets on the Semantic Web}},
  year = {2008},
}
@inproceedings{Bizer2009,
  booktitle = {{Proceedings of the 18th International World Wide Web Conference (WWW2009)}},
  title = {{Silk - A Link Discovery Framework for the Web of Data}},
  author = {Christian Bizer and Julius Volz and Georgi Kobilarov and Martin Gaedke},
  year = {2009}
}
@inproceedings{Elst2008,
  author = {Ludger van Elst and Malte Kiesel and Sven Schwarz and Georg Buscher and Andreas Lauer and Andreas Dengel},
  booktitle = {{Proceedings of the 16th International Conference on Knowledge Engineering and Knowledge Management (EKAW2008)}},
  title = {{Contextualized Knowledge Acquisition in a Personal Semantic Wiki}},
  year = {2008}
}
@inproceedings{Schaffert2006,
  author = {Sebastian Schaffert and Rupert Westenthaler and Andreas Gruber},
  booktitle = {{Proceedings of the 3rd European Semantic Web Conference (ESWC2006)}},
  title = {{IkeWiki: A User-friendly Semantic Wiki}},
  year = {2006}
}
@article{Felligi1969,
  author = {Ivan P. Fellegi and Alan B. Sunter},
  journal = {{Journal of the American Statistical Association}},
  number = {328},
  title = {{A Theory for Record Linkage}},
  volume = {64},
  year = {1969}
}
@techreport{Benjelloun2006,
  author = {Omar Benjelloun and Hector Garcia-Molina and Jeff Jonas and Qi Su and Jennifer Widom},
  title = {{Swoosh: A Generic Approach to Entity Resolution}},
  institution = {Stanford University},
  year = {2006}
}
@inproceedings{Yee2003,
  author = {Ka-Ping Yee and Kirsten Swearingen and Kevin Li and Marti A. Hearst},
  booktitle = {{Proceedings of the SIGCHI Conference on Human Factors in Computing Systems}},
  title = {{Faceted Metadata for Image Search and Browsing}},
  year = {2003}
}
@article{Davis2010,
  author    = {Brian Davis and Pradeep Dantuluri and Siegfried Handschuh and Hamish Cunningham},
  title     = {{Towards Controlled Natural Language for Semantic Annotation}},
  journal   = {{International Journal on Semantic Web and Information Systems}},
  volume    = {6},
  number    = {4},
  year      = {2010},
}
@inproceedings{Kleek2009,
  author = {Max Van Kleek and Michael S. Bernstein and Katrina Panovich and Gregory G. Vargas and David R. Karger and m. c. schraefel},
  booktitle = {{Proceedings of the SIGCHI Conference on Human Factors in Computing Systems}},
  title = {{Note to Self: Examining Personal Information Keeping in a Lightweight Note-Taking Tool}},
  year = {2009}
}
@inproceedings{Kleek2007,
  author = {Max Van Kleek and Michael S. Bernstein and David R. Karger and  m. c. schraefel},
  booktitle = {{Proceedings of the 20th Annual ACM Symposium on User Interface Software and Technology (UIST 2007)}},
  title = {{GUI --- Phooey!: The Case for Text Input}},
  year = {2007}
}
@inproceedings{Iga2006,
  author = {Soichiro Iga and Makoto Shinnishi},
  booktitle = {{Proceedings of the Asia-Pacific Symposium on Information Visualisation (APVis'06)}},
  title = {{SnapShoot: Integrating Semantic Analysis and Visualization Techniques for Web-based Note Taking System}},
  year = {2006}
}
@techreport{Lauriere2006,
  author = {Lauriere, Stephane and Solleiro, Alexandre and Trueg, Sebastian and Bogdan, Cristian and Groth, Kristina and Lannero, Par},
  title = {{Mandriva Community Scenario Report}},
  year = {2006}
}
@ARTICLE{Heitmann2012,
  author={Heitmann, Benjamin and Cyganiak, Richard and Hayes, Conor and Decker, Stefan}, 
  journal={IEEE Transactions on Systems, Man, and Cybernetics, Part C: Applications and Reviews}, 
  title={{An Empirically Grounded Conceptual Architecture for Applications on the Web of Data}}, 
  year={2012}, 
  month={January}, 
  volume={42}, 
  number={1}, 
}
@misc{RFC2426,
  author = {Dawson, Frank and Howes, Tim},
  title = {{vCard MIME Directory Profile}},
  series={Request for Comments},
  number={2426},
  howpublished={IETF RFC 2426 (Proposed Standard)},
  publisher = {Internet Engineering Task Force (IETF)},
  organization={Internet Engineering Task Force (IETF)},
  url = {http://www.ietf.org/rfc/rfc2426.txt},
  year = 1998,
}
@techreport{Sauermann2009a,
  author = {Sauermann, Leo and {Van Elst}, Ludger and M\"{o}ller, Knud},
  booktitle = {{NEPOMUK Recommendation v1.1}},
  title = {{Personal Information Model (PIMO)}},
  year = {2009}
}
@inproceedings{Grimnes2009,
 author = {Grimnes, Gunnar Aastrand and Sauermann, Leo and Bernardi, Ansgar},
 title = {{The Personal Knowledge Workbench of the NEPOMUK Semantic Desktop}},
 booktitle = {Proceedings of the 6th European Semantic Web Conference on The Semantic Web (ESWC2009)},
 year = {2009},
} 
@inproceedings{Scerri2009,
  author = {Simon Scerri and Brian Davis and Siegfried Handschuh and Manfred Hauswirth},
  booktitle = {{Proceedings of the 6th European Semantic Web Conference (ESWC2009)}},
  title = {{Semanta --- Semantic Email Made Easy}},
  year = 2009,
}
@article{Groza2011,
   author = {Groza, Tudor and Handschuh, Siegfried and Decker, Stefan},
   title = {{Capturing Rhetoric and Argumentation Aspects within Scientific Publications}},
   journal = {Journal on Data Semantics XV},
   volume = {6720},
   year = {2011}
}
@inproceedings{Rhodes1996,
  author = {Rhodes, Bradley J. and Starner, Thad},
  booktitle = {{Proceedings of the First International Conference on the Practical Application of Intelligent Agents and Multi Agent Technology (PAAM '96)}},
  title = {{Remembrance Agent: A Continuously Running Automated Information Retrieval System}},
  year = {1996}
}
@article{Crabtree1998,
 author = {Crabtree, Barry and Rhodes, Bradley},
 title = {{Wearable Computing and the Remembrance Agent}},
 journal = {{BT Technology Journal}},
 volume = {16},
 number = {3},
 year = {1998},
} 
@inproceedings{Lamming1994,
  author = {Lamming, Mik and Flynn, Mike},
  booktitle = {{Proceedings of the Symposium on Next Generation Human Interface, invited keynote paper at FRIEND21 Symposium}},
  title = {{``Forget-me-not'' -- Intimate Computing in Support of Human Memory}},
  year = 1994
}
@article{Hull2001,
  author = {Jonathan J. Hull and Peter E. Hart},
  title = {{Toward Zero-Effort Personal Document Management}},
  journal ={Computer},
  volume = {34},
  year = {2001},
}
@article{Wang2005,
  author = {Wang, Guoren and Wang, Bin and Han, Donghong and Qiao, Baiyou},
  journal = {Information Technology Journal},
  number = {1},
  title = {{Design and Implementation of a Semantic Document Management System}},
  volume = {4},
  year = {2005}
}
@techreport{Reif2008,
  author = {Reif, Gerald and Groza, Tudor and Scerri, Simon and Handschuh, Siegfried},
  title = {{Final NEPOMUK Architecture}},
  year = {2008}
}
@inproceedings{Sintek2007,
  author = {Sintek, Michael and van Elst, Ludger and Scerri, Simon and Handschuh, Siegfried},
  booktitle = {{Proceedings of the 4th European Semantic Web Conference (ESWC2007)}},
  title = {{Distributed Knowledge Representation on the Social Semantic Desktop: Named Graphs, Views and Roles in NRL}},
  year = {2007}
}
@inproceedings{Carroll2005,
 author = {Carroll, Jeremy J. and Bizer, Christian and Hayes, Pat and Stickler, Patrick},
 title = {{Named graphs, Provenance and Trust}},
 booktitle = {{Proceedings of the 14th International World Wide Web Conference (WWW2005)}},
 year = {2005},
} 
@inproceedings{Sauermann2008,
author = {Sauermann, Leo},
booktitle = {{Proceedings of the 7th International Semantic Web Conference (ISWC2008)}},
title = {{Evaluating Long-term Use of the Gnowsis Semantic Desktop for PIM}},
year = {2008}
}
@inproceedings{Karger2005,
author = {Karger, David R. and Bakshi, Karun and Huynh, David and Quan, Dennis and Sinha, Vineet},
booktitle = {{Proceedings of the Second Biennial Conference on Innovative Data Systems Research (CIDR2005)}},
title = {{Haystack: A Customizable General-Purpose Information Management Tool for End Users of Semistructured Data}},
year = {2005}
}
@inproceedings{Huynh2003,
author = {Huynh, David and Quan, Dennis and Karger, David R.},
booktitle = {{Proceedings of the 12th International World Wide Web Conference (WWW2003)}},
title = {{Haystack's User Experience for Interacting with Semistructured Information}},
year = {2003}
}
@inproceedings{Quan2004,
 author = {Quan, Dennis and Karger, David R.},
 title = {{How to make a Semantic Web browser}},
 booktitle = {{Proceedings of the 13th International World Wide Web Conference (WWW2004)}},
 year = {2004},
} 
@inproceedings{Einsfeld2005,
author = {Einsfeld, Katja and Ebert, Achim and Agne, Stefan and Klein, Bertin},
booktitle = {{Proceedings of the 1st Workshop on The Semantic Desktop}},
title = {{DocuWorld --- A 3-D User Interface to the Semantic Desktop}},
year = {2005}
}
@misc{MindRaider,
  author = {{Martin Dvorak}},
  title = {{MindRaider}},
  howpublished={\url{http://mindraider.sourceforge.net/}},
  year = {2012},
}
@inproceedings{Varadarajan2005,
author = {Varadarajan, Akila and Patel, Nilesh and Grosky, William},
booktitle = {{Proceedings of the 1st Workshop on The Semantic Desktop}},
title = {{Semantic Pen --- A Personal Information Management System for Pen Based Devices}},
year = {2005}
}
@inproceedings{Cutrell2006,
 author = {Cutrell, Edward and Robbins, Daniel C. and Dumais, Susan T. and Sarin, Ramann},
 title = {{Fast, Flexible Filtering with Phlat --- Personal Search and Organization Made Easy}},
 booktitle = {Proceedings of the SIGCHI Conference on Human Factors in Computing Systems},
 year = {2006},
} 
@article{Smith2005,
author = {Smith, Daniel A and Owens, Alisdair and Russell, Alistair and Harris, Craig and Wilson, Max},
journal = {Human Factors},
title = {{The Evolving mSpace Platform : Leveraging the Semantic Web on the Trail of the Memex}},
year = {2005}
}
@article{Krishnan2008,
author = {Krishnan, Ajay},
journal = {Information Storage and Retrieval},
title = {{Semantic ‘ LS ’ - An Approach for Personal and Private Group Information Management}},
year = {2008}
}
@inproceedings{Richter2005,
author = {Richter, Jorg and Volkel, Max and Haller, Heiko},
booktitle = {{Proceedings of the 1st Workshop on The Semantic Desktop}},
title = {{Deepamehta-a semantic desktop}},
year = {2005}
}
@misc{ChandlerProject,
  author = {{OSA Foundation}},
  title = {{The Chandler Project}},
  howpublished={\url{http://chandlerproject.org/}},
  year = {2012}
}
@inproceedings{Woerndl2008,
author = {Woerndl, Wolfgang and Woehrl, Maximilian},
booktitle = {Proceedings Personal Information Management Workshop (PIM2008)},
title = {{SeMoDesk: Towards a Mobile Semantic Desktop}},
year = {2008}
}
@inproceedings{Woerndl2009a,
author = {Wolfgang Woerndl and Aleksandar Hristov},
title = {{Recommending Resources in Mobile Personal Information Management}},
booktitle = {Proceedings of the Third International Conference on Digital Society (ICDS2009)},
year = {2009},
}
@inproceedings{Woerndl2009b,
 author = {Woerndl, Wolfgang and Schulze, Florian},
 title = {{Location-Awareness in a Mobile Semantic Desktop Application}},
 booktitle = {{Proceedings of the Fifth International Conference on Signal Image Technology and Internet Based Systems (SITIS2009)}},
 year = {2009},
} 
@inproceedings{Breitman2005,
author = {Breitman, Karin and Truszkowski, Walt},
booktitle = {{Proceedings of the Second International Conference on Radical Agent Concepts: Innovative Concepts for Autonomic and Agent-Based Systems}},
title = {{Agent-mediated Pro-active Web-sites}},
year = {2005}
}
@inproceedings{Breitman2006,
author = {Breitman, Karin and Truszkowski, Walt},
booktitle = {{Proceedings of the Third IEEE International Workshop on Engineering of Autonomic \& Autonomous Systems (EASE2006)}},
title = {{The Autonomic Semantic Desktop: Helping Users Cope with Information System Complexity}},
year = {2006}
}
@inproceedings{Katifori2005,
author = {Katifori, Vivi and Poggi, Antonella and Scannapieco, Monica and Catarci, Tiziana},
booktitle = {{Proceedings of the 1st Workshop on The Semantic Desktop}},
title = {{OntoPIM: How to Rely on a Personal Ontology for Personal Information Management}},
year = {2005}
}
@inproceedings{Schwabe2005,
  author = {Schwabe, Daniel and Brauner, Daniela and Nunes, Demetrius A. and Mamede, Guilherme},
  booktitle = {{Proceedings of the 1st Workshop on The Semantic Desktop}},
  title = {{HyperSD: a Semantic Desktop as a Semantic Web Application}},
  year = 2005
}
@MASTERSTHESIS{Nunes2005,
 author	= {Nunes, Demetrius Arraes},
 title	= {{HyperDE: A Framework and Development Environment Driven by Ontologies for Hypermedia Applications}},
 year	= {2005},
 school = {Department of Informatics, PUC-Rio},
 type = {Master thesis},
}
@inproceedings{Nunes2006,
 author = {Nunes, Demetrius Arraes and Schwabe, Daniel},
 title = {{Rapid prototyping of web applications combining domain specific languages and model driven design}},
 booktitle = {{Proceedings of the 15th International Conference on World Wide Web (WWW2006)}},
 year = {2006},
} 
@inproceedings{Zhang2005,
author = {Zhang, Xiang and Shen, Wennan},
booktitle = {{Proceedings of the 1st Workshop on The Semantic Desktop}},
title = {{WonderDesk-A Semantic Desktop for Resource Shating and Management}},
year = {2005}
}
@article{Dourish2000,
author = {Dourish, Paul and Edwards, W. Keith and LaMarca, Anthony and Lamping, John and Petersen, Karin and Salisbury, Michael and Terry, Douglas B. and Thornton, James},
journal = {{ACM Transactions on Information Systems}},
number = {2},
title = {{Extending Document Management Systems with User-specific Active Properties}},
volume = {18},
year = {2000}
}
@article{Dourish1999,
    author = {Paul Dourish and W. Keith Edwards and Anthony Lamarca and Michael Salisbury},
    title = {{Presto: An Experimental Architecture for Fluid Interactive Document Spaces}},
    journal = {{ACM Transactions on Computer-Human Interaction}},
    year = {1999},
    volume = {6},
}
@inproceedings{Xiao2005,
author = {Xiao, Huiyong and Cruz, Isabel F.},
booktitle = {{Proceedings of the 1st Workshop on The Semantic Desktop}},
title = {{A Multi-ontology Approach for Personal Information Management}},
year = {2005}
}
@inproceedings{Xiao2006,
author = {Xiao, Huiyong and Cruz, Isabel F.},
booktitle = {{Proceedings of the Semantic Desktop and Social Semantic Collaboration Workshop (SemDesk 2006)}},
title = {{Application Design and Interoperability for Managing Personal Information in the Semantic Desktop}},
year = {2006}
}
@inproceedings{Franz2007,
author = {Franz, Thomas},
booktitle = {{Proceedings of Workshop-Woche: Lernen, Wissen \& Adaptivitat (LWA2008)}},
title = {{On the Evaluation of Personal Knowledge Management Solutions: Evaluating Tools of the X-COSIM Semantic Desktop}},
year = {2008}
}
@inproceedings{Franz2009,
author = {Franz, Thomas and Scherp, Ansgar and Staab, Steffen},
booktitle = {{Proceedings of the 5th International Conference on Knowledge Capture (K-CAP2009)}},
title = {{Are Semantic Desktops Better?: Summative Evaluation Comparing a Semantic Against a Conventional Desktop}},
year = {2009}
}
@inproceedings{Franz2007a,
author = {Franz, Thomas and Staab, Steffen and Arndt, Richard},
booktitle= {{Proceedings of the 4th International Conference on Knowledge Capture (K-CAP2007)}},
title = {{The X-COSIM Integration Framework for a Seamless Semantic Desktop}},
year = {2007}
}
@inproceedings{Dong2005a,
author = {Dong, Xin and Halevy, Alon},
booktitle =  {{Proceedings of the Second Biennial Conference on Innovative Data Systems Research (CIDR2005)}},
title = {{A Platform for Personal Information Management and Integration}},
year = {2005}
}
@inproceedings{Dong2005b,
author = {Dong, Xin Luna and Halevy, Alon Y and Madhavan, Jayant},
booktitle = {{Proceedings of the ACM SIGMOD International Conference on Management of Data}},
title = {{Reference Reconciliation in Complex Information Spaces}},
year = {2005}
}
@inproceedings{Dong2005c,
author = {Dong, Xin Luna and Halevy, Alon},
booktitle = {Proceedings of the Eight International Workshop on the Web \& Databases (WebDB2005)},
title = {{Malleable Schemas: A Preliminary Report}},
year = {2005}
}
@inproceedings{Dong2004,
author = {Dong, Xin Luna and Halevy, Alon and Nemes, Ema and Sigurdsson, Stephan B and Domingos, Pedro},
booktitle = {Proceedings of the 4th International Workshop on Information Integration on the Web (IIWeb2004)},
title = {{SEMEX: Toward On-the-fly Personal Information Integration}},
year = {2004}
}
@inproceedings{Conley2007,
author = {Conley, Kenneth and Carpenter, James},
booktitle = {{Proceedings of the AAAI Spring Symposium on Interaction Challenges for Artificial Assistants}},
title = {{Towel: Towards an Intelligent To-do List}},
year = {2007}
}
@article{Myers2007,
author = {Myers, Karen and Berry, Pauline and Blythe, Jim and Conley, Ken and Gervasio, Melinda and Mcguinness, Deborah and Morley, David},
journal = {AI Magazine},
number = {2},
title = {{An Intelligent Personal Assistant for Task and Time Management}},
volume = {28},
year = {2007}
}
@article{Berry2011,
author = {Berry, Pauline and Gervasio, Melinda and Peintner, Bart and Yorke-Smith, Neil},
journal = {ACM Transactions on Intelligent Systems and Technology},
number = {4},
title = {{PTIME: Personalized Assistance for Calendaring}},
volume = {2},
year = {2011}
}
@inproceedings{Berry2004,
author = {Berry, Pauline and Gervasio, Melinda and Uribe, Tom\'{a}s and Myers, Karen and Nitz, Ken},
booktitle = {Proceedings of the AAAI Spring Symposium},
title = {{A Personalized Calendar Assistant}},
year = {2004}
}
@inproceedings{Berry2005a,
author = {Berry, Pauline M and Gervasio, Melinda T and Uribe, Tom\'{a}s E and Yorke-Smith, Neil},
booktitle = {{Proceedings of Workshop on Mixed-Initiative Planning and Scheduling (ICAPS2005)}},
title = {{Mixed-Initiative Issues for a Personalized Time Management Assistant}},
year = {2005}
}
@techreport{Ambite2005,
author = {Ambite, Jose Luis and Chaudhri, Vinay K and Fikes, Richard and Jenkins, Jessica and Mishra, Sunil and Muslea, Maria and Uribe, Tomas and Yang, Guizhen},
title = {{Integration of Heterogeneous Knowledge Sources in the CALO Query Manager}},
year = {2005}
}
@inproceedings{Ambite2006,
author = {Ambite, Jose-luis and Chaudhri, Vinay K and Fikes, Richard and Jenkins, Jessica and Mishra, Sunil and Muslea, Maria and Uribe, Tomas and Yang, Guizhen},
booktitle = {{Proceedings of the Innovative Applications of Artificial Intelligence (AAAI2006)}},
title = {{Design and Implementation of the CALO Query Manager}},
year = {2006}
}
@inproceedings{Cheyer2005,
author = {Cheyer, Adam and Park, Jack and Giuli, Richard},
booktitle = {Proceedings of the 1st Workshop on The Semantic Desktop},
title = {{IRIS: Integrate. Relate. Infer. Share.}},
year = {2005}
}
@inproceedings{Sauermann2005b,
author = {Sauermann, Leo},
booktitle = {Proceedings of I-KNOW2005},
title = {{The Semantic Desktop --- a Basis for Personal Knowledge}},
year = {2005}
}
@inproceedings{Sauermann2005a,
author = {Sauermann, Leo},
booktitle = {{Proceedings of the 3rd Conference Professional Knowledge Management (WM2005)}},
title = {{The Gnowsis Semantic Desktop for Information Integration}},
year = {2005}
}
@incollection{Bernardi2008,
author = {Bernardi, Ansgar and Decker, Stefan and {Van Elst}, Ludger and Grimnes, Gunnar Aastrand and Groza, Tudor and Handschuh, Siegfried and Jazayeri, Mehdi and Mesnage, Cedric and Moeller, Knud and Reif, Gerald and Sintek, Michael},
booktitle = {Semantic Web Engineering in the Knowledge Society},
title = {{The Social Semantic Desktop A New Paradigm Towards Deploying the Semantic Web on the Desktop}},
year = {2008}
}
@inproceedings{Sauermann2006,
 author = {Sauermann, Leo and Grimnes, Gunnar Aastrand and Kiesel, Malte and Fluit, Christiaan and Maus, Heiko and Heim, Dominik and Nadeem, Danish and Horak, Benjamin and Dengel, Andreas},
 title = {{Semantic Desktop 2.0: the Gnowsis Experience}},
 booktitle = {{Proceedings of the 5th International Conference on The Semantic Web (ISWC2006)}},
 year = {2006},
} 
@phdthesis{Sauermann2009,
author = {Sauermann, Leo},
school = {Fachbereich Informatik der Universit\"{a}t Kaiserslautern},
title = {{The Gnowsis Semantic Desktop Approach to Personal Information Management}},
year = {2009}
}
@article{Bell2001,
author = {Bell, Gordon},
journal = {Communications of the ACM},
number = {1},
title = {{A Personal Digital Store}},
volume = {44},
year = {2001}
}
@inproceedings{Bell2004,
 author = {Bell, Gordon and Gemmell, Jim and Lueder, Roger},
 title = {{Challenges in Using Lifetime Personal Information Stores}},
 booktitle = {{Proceedings of the 27th Annual International ACM Conference on Research and Development in Information Retrieval (SIGIR2004)}},
 year = {2004},
} 
@article{Bell2007,
author = {Bell, Gordon},
journal = {Scientific American Magazine},
title = {{A Digital Life}},
year = {2007}
}
@inproceedings{Gemmell2002,
 author = {Gemmell, Jim and Bell, Gordon and Lueder, Roger and Drucker, Steven and Wong, Curtis},
 title = {{MyLifeBits: Fulfilling the Memex Vision}},
 booktitle = {{Proceedings of the 10th ACM International Conference on Multimedia (MULTIMEDIA2002)}},
 year = {2002},
} 
@article{Gemmell2006,
 author = {Gemmell, Jim and Bell, Gordon and Lueder, Roger},
 title = {{MyLifeBits: a Personal Database for Everything}},
 journal = {{Commununications of the ACM}},
 volume = {49},
 number = {1},
 year = {2006},
} 
@inproceedings{Gemmell2003a,
author = {Gemmell, Jim and Lueder, Roger and Bell, Gordon},
booktitle = {Proceedings of the ATR Workshop on Ubiquitous Experience Media},
title = {{Living with a Lifetime Store}},
year = {2003}
}
@incollection{Freeman2007,
author = {Freeman, Eric and Gelernter, David},
booktitle = {{Beyond the Desktop Metaphor Designing Integrated Digital Work Environments}},
title = {{Beyond Lifestreams: The Inevitable Demise of the Desktop Metaphor}},
year = {2007}
}
@article{Fertig1996,
author = {Fertig, Scott and Freeman, Eric and Gelernter, David},
journal = {SIGCHI Bulletin},
number = {1},
title = {{``Finding and reminding'' reconsidered}},
volume = {28},
year = {1996}
}
@inproceedings{Ringel2003,
author = {Ringel, Meredith and Cutrell, Edward and Dumais, Susan and Horvitz, Eric},
booktitle = {{Proceedings of the International Conference on Human Computer Interaction (INTERACT2003)}},
title = {{Milestones in Time: The Value of Landmarks in Retrieving Information from Personal Stores}},
year = {2003}
}
@inproceedings{Dumais2003,
author = {Dumais, Susan and Cutrell, Edward and Cadiz, J.J. and Jancke, Gavin and Sarin, Raman and Robbins, Daniel C.},
booktitle = {{Proceedings of the 26th Annual International ACM Conference on Research and Development in Information Retrieval (SIGIR2003)}},
title = {{Stuff I've Seen: A System for Personal Information Retrieval and Re-use}},
year = {2003}
}
@inproceedings{Quan2003b,
author = {Quan, Dennis and Karger, David R. and Huynh, David},
booktitle = {Proceedings of the International Workshop on Semantic Web Foundations and Application Technologies},
title = {{RDF Authoring Environments for End Users}},
year = {2003}
}
@inproceedings{Huynh2002,
author = {Huynh, David F. and Karger, David R.},
booktitle = {Proceedings of the Workshop on the Semantic Web (SWW2002)},
title = {{Haystack: A Platform for Creating, Organizing and Visualizing Information Using RDF}},
year = {2002}
}
@inproceedings{Adar1999,
author = {Adar, Eytan and Karger, David R. and Stein, Lynn Andrea},
booktitle = {{Proceedings of the 8th International Conference on Information and Knowledge Management}},
title = {{Haystack: Per-User Information Environments}},
year = {1999}
}
@inproceedings{Park2006,
author = {Park, Jack},
booktitle = {{Proceedings of the Semantic Desktop and Social Semantic Collaboration Workshop (SemDesk 2006)}},
title = {{Promiscuous Semantic Federation: Semantic Desktops Meet Web 2.0}},
year = {2006}
}
@inproceedings{Noh2006,
    author = {Sanguk Noh},
    title = {{The Measurable Belief of Trust in Social Networks}},
booktitle = {{Proceedings of the Semantic Desktop and Social Semantic Collaboration Workshop (SemDesk 2006)}},
year = {2006}
}
@INPROCEEDINGS{Chirita2005,
  author = { Paul-Alexandru Chirita and Stefania Ghita and Wolfgang Nejdl and and Raluca Paiu},
  title = {{ Semantically Enhanced Searching and Ranking on the Desktop }},
  year = {2005},
 booktitle = {Proceedings of the 1st Workshop on The Semantic Desktop},
}
@inproceedings{Osterfeld2005,
  author = {Osterfeld, Frank and Kiesel, Malte and Schwarz, Sven},
  booktitle = {{Proceedings of the 1st Workshop on The Semantic Desktop}},
  title = {{Nabu --- A Semantic Archive for XMPP Instant Messaging}},
  year = 2005
}
@inproceedings{Franz2005,
  author = {Franz, Thomas and Staab, Steffen},
  booktitle = {{Proceedings of the 1st Workshop on The Semantic Desktop}},
  title = {{SAM: Semantics Aware Instant Messaging for the Networked Semantic Desktop}},
  year = 2005
}
@inproceedings{Oren2005,
author = {Oren, Eyal},
booktitle = {{Proceedings of the 1st Workshop on The Semantic Desktop}},
title = {{SemperWiki: a Semantic Personal Wiki}},
year = {2005}
}
@inproceedings{Aumueller2005,
  author = {Aumueller, David and Auer, S\"{o}ren},
  booktitle = {{Proceedings of the 1st Workshop on The Semantic Desktop}},
  title = {{Towards a Semantic Wiki Experience --- Desktop Integration and Interactivity in WikSAR}},
  year = 2005
}
@inproceedings{Reif2006,
author = {Reif, Gerald and Gall, Harald and Morger, Martin},
booktitle = {{Proceedings of the Semantic Desktop and Social Semantic Collaboration Workshop (SemDesk 2006)}},
title = {{Semantic Clipboard --- Semantically Enriched Data Exchange Between Desktop Applications}},
year = {2006}
}
@inproceedings{Brunkhorst2006,
  author = {Brunkhorst, Ingo and Chirita, Paul Alexandru and Costache, Stefania and Gaugaz, Julien and Ioannou, Ekaterini and Iofciu, Tereza and Minack, Enrico and Nejdl, Wolfgang and Paiu, Raluca},
  booktitle = {{Proceedings of the Semantic Desktop and Social Semantic Collaboration Workshop (SemDesk 2006)}},
  title = {{The Beagle++ Toolbox: Towards an Extendable Desktop Search Architecture}},
  year = 2006
}
@techreport{Decker2004,
author = {Decker, Stefan and Frank, Martin},
booktitle = {{Implementation Issues in the Semantic Web}},
title = {{The Social Semantic Desktop}},
year = {2004}
}
@book{Rayward1990,
author = { Otlet, Paul and Rayward, W. Boyd},
title = {{International Organisation and Dissemination of Knowledge : Selected Essays of Paul Otlet}},
year = { 1990 },
}
@article{Rayward1991,
  author = {Rayward, W. Boyd},
  journal = {Journal of Librarianship and Information Science},
  title = {{The Case of Paul Otlet, Pioneer of Information Science, Internationalist, Visionary. Reflections on Biography}},
  url = {http://people.lis.uiuc.edu/~wrayward/otlet/PAUL_OTLET_REFLECTIONS_ON_BIOG.HTM},
  volume = 23,
  year = 1991
}
@incollection{Goldschmidt1982,
author = {Goldschmidt, Robert and Otlet, Paul},
booktitle = {{International Organisation and Dissemination of Knowledge : Selected Essays of Paul Otlet}},
title = {{On a New Form of the Book: the Microphotographic Book}},
year = {1906},
}
@MASTERSTHESIS{Sauermann2003,
  author = {Leo Sauermann},
  title = {{The Gnowsis --- Using Semantic Web Technologies to Build a Semantic Desktop}},
  school = {Technical University of Vienna},
  year = {2003},
  type = {Diploma thesis},
}
@book{Goldberg1988,
 editor = {Goldberg, Adele},
 title = {{A History of Personal Workstations}},
 year = {1988},
} 
@inproceedings{Nelson1973,
 author = {Nelson, Theodor H.},
 title = {{A Conceptual Framework for Man-Machine Everything}},
 booktitle = {{Proceedings of the National Computer Conference and Exposition (AFIPS 1973)}},
 year = {1973},
} 
@inproceedings{Nelson1965,
 author = {Nelson, Theodor H.},
 title = {{Complex Information Processing: A File Structure for the Complex, the Changing and the Indeterminate}},
 booktitle = {Proceedings of the 20th National Conference (ACM1965)},
 year = {1965},
} 
@article{Nelson2004,
    author = {Nelson, Theodor H.},
    journal = {Journal of Digital Information},
    number = {1},
    title = {{A Cosmology for a Different Computer Universe: Data Model, Mechanisms, Virtual Machine and Visualization Infrastructure}},
    volume = {5},
    year = {2004}
}
@book{Nelson1974,
 author = {Nelson, Theodor H.},
 title = {{Computer Lib / Dream Machines}},
 year = {1974},
 publisher = {Microsoft Press},
 address = {Redmond, WA, USA},
} 
@ARTICLE{Buckland1992,
AUTHOR = {Michael K. Buckland},
TITLE = {{Emmanuel Goldberg, Electronic Document Retrieval, and Vannevar Bush's Memex}},
JOURNAL = {{Journal of the American Society for Information Science}},
YEAR = {1992},
volume = {43},
issue = {4},
}
@book{Nyce1991,
    booktitle = {{From Memex to Hypertext. Vannevar Bush and the Mind's Machine}},
    editor = {Nyce, James M. and Kahn, Paul},
    publisher = {London Academic Press},
    title = {{From Memex to Hypertext: Vannevar Bush and the Mind's Machine}},
    year = {1991}
}
@article{Bush1945,
author = {Bush, Vannevar},
journal = {The Atlantic Monthly},
number = {176},
pages = {101--108},
title = {{As we may think}},
volume = {3},
year = {1945}
}
@book{Otlet1934,
    author = {Otlet, Paul},
    publisher = {Editiones Mundaneum},
    title = {{Trait\'{e} de Documentation. Le Livre sur le Livre. Th\'{e}orie et Pratique}},
    year = {1934}
}
@article{Veith2006,
 author = {Veith, Richard H.},
 title = {{Memex at 60: Internet or iPod?: Research Articles}},
 journal = {{Journal of the American Society for Information Science and Technology}},
 volume = {57},
 number = {9},
 year = {2006},
} 
@techreport{Bernstein2007,
    author = {Bernstein, Michael and Van Kleek, Max and Karger, David R. and schraefel, m.c.},
    institution = {Electronics and Computer Science, University of Southampton, UK},
    title = {{Wicked Problems and Gnarly Results: Reflecting on Design and Evaluation Methods for Idiosyncratic Personal Information Management Tasks}},
    year = {2007},
}
@inproceedings{Elsweiler2007,
 author = {Elsweiler, David and Ruthven, Ian},
 title = {{Towards Task-based Personal Information Management Evaluations}},
 booktitle = {{Proceedings of the 30th Annual International ACM Conference on Research and Development in Information Retrieval (SIGIR2007)}},
 year = {2007},
} 
@incollection{Karger2007,
author = {Karger, David R.},
title = {{It's All the Same to Me: Data Unification in Personal Information Management}},
year = {2007},
booktitle = {Personal Information Management},
}
@article{Karger2006,
author = {Karger, David R. and Jones, William},
journal = {Communications of the ACM},
number = {1},
title = {{Data Unification in Personal Information Management}},
volume = {49},
year = {2006}
}
@article{Whittaker2000,
 author = {Whittaker, Steve and Terveen, Loren and Nardi, Bonnie A.},
 title = {{Let's Stop Pushing the Envelope and Start Addressing It: A Reference Task Agenda for HCI}},
 journal = {Human-Computer Interaction},
 volume = {15},
 number = {2},
 year = {2000},
} 
@incollection{Kaptelinin2007,
   author = {Kaptelinin, Victor and Boardman, Richard},
   booktitle = {{Beyond the Desktop Metaphor: Designing Integrated Digital Work Environments}},
   title = {{Toward Integrated Work Environments: Application-centric Versus Workspace-level Design}},
   year = {2007}
}
@book{Jones2007PIMBook,
author = {Jones, William and Teevan, Jaime},
pages = {334},
publisher = {University of Washington Press},
title = {{Personal Information Management}},
year = {2007}
}
@article{Bernstein2008,
 author = {Bernstein, Michael and Van Kleek, Max and Karger, David and schraefel, m. c.},
 title = {{Information Scraps: How and Why Information Eludes Our Personal Information Management Tools}},
 journal = {ACM Transactions on Information Systems},
 volume = {26},
 number = {4},
 year = {2008},
} 
@inproceedings{Civan2008,
author = {Civan, Andrea and Jones, William and Klasnja, Predrag and Bruce, Harry},
booktitle = {{Proceedings of the American Society for Information Science and Technology}},
title = {{Better to Organize Personal Information by Folders or by Tags?: The Devil is in the Details}},
year = {2008}
}
@inproceedings{Gifford1991,
author = {Gifford, David K and Jouvelot, Pierre and Sheldon, Mark A and O'Toole Jr., James W.},
booktitle = {{Proceedings of the 13th ACM Symposium on Operating Systems Principles}},
title = {{Semantic File Systems}},
year = {1991}
}
@inproceedings{BlancBrude2007,
 author = {Blanc-Brude, Tristan and Scapin, Dominique L.},
 title = {{What Do People Recall About Their Documents?: Implications for Desktop Search Tools}},
 booktitle = {{Proceedings of the 12th International Conference on Intelligent User Interfaces (IUI2007)}},
 year = {2007},
} 
@article{Fertig1996a,
 author = {Fertig, Scott and Freeman, Eric and Gelernter, David},
 title = {``Finding and reminding'' reconsidered},
 journal = {SIGCHI Bull.},
 issue_date = {Jan. 1996},
 volume = {28},
 number = {1},
 month = {January},
 year = {1996},
 issn = {0736-6906},
 pages = {66--69},
 numpages = {4},
 url = {http://doi.acm.org/10.1145/249170.249187},
 doi = {10.1145/249170.249187},
 acmid = {249187},
 publisher = {ACM},
 address = {New York, NY, USA},
} 
@inproceedings{Fertig1996b,
 author = {Fertig, Scott and Freeman, Eric and Gelernter, David},
 title = {{Lifestreams: An Alternative to the Desktop Metaphor}},
 booktitle = {{Conference Companion on Human Factors in Computing Systems: Common Ground}},
 year = {1996},
} 
@inproceedings{Freeman1995,
author = {Freeman, Eric and Fertig, Scott},
booktitle = {{Proceedings of the AAAI Fall Symposium: AI Applications in Knowledge Navigation and Retrieval}},
title = {{Lifestreams: Organizing Your Electronic Life}},
year = {1995}
}
@book{Jones2008KFTFBook,
 author = {Jones, William},
 title = {Keeping Found Things Found: The Study and Practice of Personal Information Management: The Study and Practice of Personal Information Management},
 year = {2008},
} 
@article{Barreau1995a,
 author = {Barreau, Deborah K. and Nardi, Bonnie A.},
 title = {{Finding and Reminding: File Organization From the Desktop}},
 journal = {SIGCHI Bulletin},
 volume = {27},
 number = {3},
 year = {1995},
} 
@article{Barreau1995b,
 author = {Barreau, Deborah K.},
 title = {{Context as a Factor in Personal Information Management Systems}},
 journal = {Journal of the American Society for Information Science},
 volume = {46},
 number = {5},
 year = {1995},
} 
@inproceedings{Boardman2004,
 author = {Boardman, Richard and Sasse, Angela M.},
 title = {{``Stuff Goes into the Computer and Doesn't Come Out'': A Cross-tool Study of Personal Information Management}},
 booktitle = {{Proceedings of the SIGCHI Conference on Human Factors in Computing Systems}},
 year = {2004},
} 
@phdthesis{Boardman2004PhD,
  author = {Boardman, Richard},
  departament = {Department of Electrical and Electronic Engineering},
  school = {Imperial College, University of London},
  title = {{Improving Tool Support for Personal Information Management}},
  type = {PhD Thesis},
  year = 2004
}
@article{Lansdale1988,
author = {Lansdale, Mark W.},
journal = {Applied Ergonomics},
number = {1},
title = {{The Psychology of Personal Information Management.}},
volume = {19},
year = {1988}
}
@phdthesis{MoellerPhDThesis2009,
author = {M\"{o}ller, Knud},
number = {September},
school = {National University of Ireland, Galway (NUIG)},
title = {{Lifecycle Support for Data on the Semantic Web}},
year = {2009}
}
@article{BernersLee1994,
  author = {Tim Berners-Lee and Robert Cailliau and Ari Luotonen and Henrik Frystyk Nielsen and Arthur Secret},
  journal = {Communications of the ACM},
  number = {8},
  title = {The {World-Wide Web}},
  volume = {37},
  year = {1994}
}
@article{BernersLee2001,
  author = {Tim Berners-Lee and James Hendler and Ora Lassila},
  journal = {Scientific American},
  number = {5},
  title = {The {Semantic Web}},
  volume = {284},
  year = {2001}
}
@misc{BernersLee1989,
  Author = {Tim Berners-Lee},
  Note = {\url{http://www.w3.org/History/1989/proposal.html}},
  Title = {Information Management: A Proposal},
  Year = {1989}
}
@techreport{Klyne2004,
  Author = {Graham Klyne and Jeremy J. Carroll},
  Institution = {{W3C}},
  Note = {\url{http://www.w3.org/TR/rdf-concepts/}},
  Title = {{Resource Description Framework (RDF): Concepts and Abstract Syntax}},
  Type = {{W3C Recommendation}},
  Year = {2004}
}
@inproceedings{Gruber1993,
  Author = {Thomas R. Gruber},
  Booktitle = {{Formal Ontology in Conceptual Analysis and Knowledge Representation}},
  Title = {{Towards Principles for the Design of Ontologies Used for Knowledge Sharing}},
  Year = {1993},
}
@misc{BernersLee2006,
  Author = {Tim Berners-Lee},
  Note = {\url{http://www.w3.org/DesignIssues/LinkedData.html}},
  Title = {Linked Data},
  Year = {2006}
}
@book{Engelbart1962,
  author = {Engelbart, Douglas C.},
  title = {{Augmenting Human Intellect: A Conceptual Framework}},
  year = {1962}
}
@inproceedings{Engelbart1968,
  author = {Engelbart, Douglas C. and English, William K.},
  title = {{A Research Center for Augmenting Human Intellect}},
  booktitle = {{Proceedings of the December 9-11, 1968, Fall Joint Computer Conference, part I (AFIPS1968)}},
  year = {1968},
} 
@techreport{Lassila1999,
  Author = {Lassila, Ora and Swick, Ralph R.},
  Institution = {{W3C}},
  Note = {\url{http://www.w3.org/TR/1999/REC-rdf-syntax-19990222/}},
  Title = {{Resource Description Framework (RDF) Model and Syntax Specification}},
  Type = {{W3C Recommendation}},
  Year = {1999}
}
@techreport{Beckett2004,
  Author = {Dave Beckett},
  Institution = {{W3C}},
  Note = {\url{http://www.w3.org/TR/2004/REC-rdf-syntax-grammar-20040210/}},
  Title = {{RDF/XML Syntax Specification (Revised)}},
  Type = {{W3C Recommendation}},
  Year = {2004},
}
@misc{BernersLee2006b,
  Author = {Tim Berners-Lee},
  Note = {\url{http://www.w3.org/DesignIssues/Notation3}},
  Title = {Notation 3},
  Year = {2006}
}
@misc{Beckett2007,
  Author = {Dave Beckett},
  Note = {\url{http://www.dajobe.org/2004/01/turtle/}},
  Title = {{Turtle --- Terse {RDF} Triple Language}},
  Year = {2007},
}
@techreport{Grant2004,
  Author = {Jan Grant and Dave Beckett},
  Institution = {{W3C}},
  Note = {\url{http://www.w3.org/TR/2004/REC-rdf-testcases-20040210/}},
  Title = {{RDF} Test Cases},
  Type = {{W3C Recommendation}},
  Year = {2004}
}
@misc{Bizer2007,
  Author = {Chris Bizer and Richard Cyganiak and Tom Heath},
  Note = {\url{http://sites.wiwiss.fu-berlin.de/suhl/bizer/pub/LinkedDataTutorial/}},
  Title = {{How to Publish Linked Data on the Web}},
  Year = {2007},
}
@techreport{Adida2008,
  Author = {Ben Adida and Mark Birbeck and Shane McCarron and Steven Pemberton},
  Institution = {{W3C}},
  Note = {\url{http://www.w3.org/TR/rdfa-syntax/}},
  Title = {{RDFa in XHTML: Syntax and Processing --- A collection of attributes and processing rules for extending XHTML to support RDF}},
  Type = {{W3C Recommendation}},
  Year = {2008}
}
@techreport{Prudhommeaux2008,
  Author = {Eric Prud'hommeaux and Andy Seaborne},
  Institution = {{W3C}},
  Note = {\url{http://www.w3.org/TR/rdf-sparql-query/}},
  Title = {{SPARQL} Query Language for {RDF}},
  Type = {{W3C Recommendation}},
  Year = {2008}
}
@misc{Brickley2005,
  Author = {Dan Brickley and Libby Miller},
  Note = {\url{http://xmlns.com/foaf/0.1/}},
  Title = {{FOAF} Vocabulary Specification},
  Year = {2005},
}
@inproceedings{Breslin2005,
  Author = {John G. Breslin and Andreas Harth and Uldis Boj{\=a}rs and Stefan Decker},
  Booktitle = {{Proceedings of the 2nd European Semantic Web Conference (ESWC2005)}},
  Title = {{Towards Semantically-Interlinked Online Communities}},
  Year = {2005}
}
@techreport{Miles2009,
  Author = {Alistair Miles and Sean Bechhofer},
  Institution = {{W3C}},
  Note = {\url{http://www.w3.org/TR/skos-reference/}},
  Title = {{SKOS Simple Knowledge Organization System Reference}},
  Type = {{W3C Recommendation}},
  Year = {2009}
}
@techreport{Seaborne2004,
  Author = {Andy Seaborne},
  Institution = {{W3C}},
  Title = {{RDQL -- A Query Language for RDF}},
  Type = {{W3C Member Submission}},
  Year = {2004}
}
@techreport{Brickley2004,
  Author = {Dan Brickley and R.V. Guha},
  Institution = {{W3C}},
  Note = {\url{http://www.w3.org/TR/rdf-schema/}},
  Title = {{RDF} Vocabulary Description Language 1.0: {RDF} Schema},
  Type = {{W3C Recommendation}},
  Year = {2004}
}
@techreport{Broekstra2003,
  Author = {Jeen Broekstra and Arjohn Kampman},
  Institution = {Aduna},
  Title = {{The SeRQL Query Language}},
  Year = {2003}
}
@inproceedings{Karvounarakis2002,
  Author = {Gregory Karvounarakis and Sofia Alexaki and Vassilis Christophides and Dimitris Plexousakis and Michel Scholl},
  Booktitle = {{Proceedings of the International World-Wide Web Conference (WWW2002)}},
  Title = {{RQL: A Declarative Query Language for RDF}},
  Year = {2002}
}
@techreport{Nilsson2008,
  Author = {Mikael Nilsson and Andy Powell and Pete Johnston and Ambjorn Naeve},
  Institution = {{DCMI}},
  Note = {\url{http://dublincore.org/documents/dc-rdf/}},
  Title = {{Expressing Dublin Core metadata using the Resource Description Framework (RDF)0}},
  Type = {{DCMI Recommendation}},
  Year = {2008}
}
@inproceedings{DAquin2010,
  Author = {Mathieu d'Aquin and Salman Elahi and Enrico Motta},
  Title = {{Personal Monitoring of Web Information Exchange: Towards Web Lifelogging}},
  Booktitle = {{Proceedings of the WebSci10: Extending the Frontiers of Society On-Line}},
  year = {2010},
}
@inproceedings{DAquin2011a,
  Author = {Mathieu d'Aquin and Matthew Rowe and Enrico Motta},
  Title = {{Self-Tracking on the Web: Why and How}},
  Booktitle = {{Proceedings of the W3C Workshop on Web Tracking and User Privacy}},
  year = {2011},
}
@inproceedings{DAquin2011b,
  Author = {Mathieu d'Aquin and Salman Elahi and Enrico Motta},
  Title = {{Semantic Technologies to Support the User-Centric Analysis of Activity Data}},
  Booktitle = {{Proceedings of the 4th Workshop on Social Data on the Web (SDoW2011), co-located with the 10th International Semantic Web Conference (ISWC2011)}},
  year = {2011},
}
@inproceedings{Nikolov2012, 
  Author = {Andriy Nikolov and Mathieu d'Aquin and Enrico Motta},
  Title = {{Unsupervised learning of link discovery conﬁguration}},
  Booktitle = {{Proceedings of the 9th Extended Semantic Web Conference (ESWC 2012)}},
  Year = {2012},
}
@book{Craik1943,
  Author = {Kenneth Craik},
  Title = {{The Nature of Exploration}},
  Publisher = {{Cambridge University Press}},
  Year = {1943},
}
@inbook{Johnson-Laird1989,
  Author = {Phillip N. Johnson-Laird},
  Title = {Mental models},
  Editor = {Michael I. Posner},
  Booktitle = {Foundations of Cognitive Science},
  Publisher = {MIT Press},
  Year = {1989},
}
@inbook{Norman1983,
  Author = {Donald A. Norman},
  Title = {Some Observations on Mental Models},
  Editor = {Dedre Gentner and Albert L. Stevens},
  Booktitle = {Mental Models},
  Publisher = {Lawrence Erlbaum Associates},
  Year = {1983},
}
@inbook{Payne2003,
  Author = {Stephen J. Payne},
  Title = {{Users' Mental Models: The Very Ideas}},
  Editor = {John M. Carroll},
  Booktitle = {{HCI Models, Theories, and Frameworks}},
  Publisher = {Morgan Kaufman Publishers},
  Year = {2003},
  Pages = {135-154},
}
@book{Paivio1986,
  Title = {{Mental Representations: A Dual Coding Approach}},
  Author = {Allan Paivio},
  series = {Oxford Psychology Series},
  year = {1986},
  publisher = {Oxford University Press},
}
@article{Jones2011,
  Title = {{Mental models: an interdisciplinary synthesis of theory and methods}},
  Author = {Natalie A. Jones and Helen Ross and Timothy Lynam and Pascal Perez and Anne Leitch},
  Year = {2011},
  Journal = {{Ecology and Society}},
  Volume = {16},
  number = {1},
}
@inproceedings{Nadeen2007,
    author = {Danish Nadeen and Leo Sauermann},
    booktitle = {Proceedings of I-Semantics 2007},
    title = {{From Philosophy and Mental-Models to Semantic Desktop research: Theoretical Overview}},
    year = {2007}
}
@article{Jarvelin2003,
    author = {Kalervo  J\"{a}rvelin and T. D. Wilson},
    journal = {Information Research},
    number = {1},
    title = {{On conceptual models for information seeking and retrieval research}},
    volume = {9},
    year = {2003}
}
@misc{ISO9241,
  author = {ISO, International Organization for Standardi},
  title = {ISO 9241-110:2006 Ergonomics of human-system interaction {--} Part 110: Dialogue principles},
  year = {2006},
  howpublished = {http://www.iso.org/iso/iso\_catalogue/catalogue\_ics/catalogue\_detail\_ics.htm?csnumber=38009},
}
@inproceedings{Monge1996,
  author = {Alvaro Monge and Charles Elkan},
  title = {The field matching problem: Algorithms and applications},
  booktitle = {Proceedings of the Second International Conference on Knowledge Discovery and Data Mining},
  year = {1996},
}


